@ARTICLE{Todd:94, 
  AUTHOR = "N. Todd",
  TITLE = "The Auditory Primal Sketch: A Multiscale Model of Rhythmic Grouping", 
  JOURNAL = "Journal of New Music Research", 
  YEAR ="1994" , 
  VOLUME = "23", 
  PAGES = "25--70" 
} 

@ARTICLE{Parncutt:94,  
  AUTHOR = "R. Parncutt ",  
  TITLE ="A Perceptual Model of Pulse Salience and Metrical Accent in Musical Rhythms" ,  
  JOURNAL = "Music Perception",  
  YEAR ="1994" ,  
  VOLUME = "11",  
  NUMBER ="4" ,  
  PAGES = "409--464"  
} 

@ARTICLE{Farid:99,  
  AUTHOR = "Hany Farid",
  TITLE ="Separating Reflections from Images Using Independent Components Analysis",
  JOURNAL = "Journal of the Optical Society of America",
  YEAR ="1999" ,  
  VOLUME = "16",  
  NUMBER ="9" ,  
  PAGES = "2136--2145"  
} 


@INPROCEEDINGS{Desain:91,
  AUTHOR = "P. Desain and H. Honing",
  TITLE = "Tempo Curves Considered Harmful: A Critical Review of the Representation
  of Timing in Computer Music",
  BOOKTITLE = "Proceedings of the 1991 International Computer Music",
  YEAR = "1991",
  PAGES = "143--149", 
  ORGANIZATION ="International Computer Music Association" 
}

 
@INPROCEEDINGS{Desain:92,
  AUTHOR = "P. Desain",
  TITLE = "Can Computer Music Benefit from Cognitive Models of Rhythm Perception",
  BOOKTITLE = "Proceedings of the 1991 International Computer Music Conference",	
  YEAR = "1992",
  PAGES = "42--45", 
  ORGANIZATION ="International Computer Music Association" 
}

@ARTICLE{Desain:91towards,
  AUTHOR = "P. Desain and H. Honing",
  TITLE = "Towards a Calculus for Expressive Timing in Music",
  JOURNAL = "Computers in Music Research",
  VOLUME = "3",
  PAGES = "43--120",
  YEAR = "1991"	
}


@PHDTHESIS{Smith:99,
  AUTHOR = "Leigh M. Smith",
  TITLE = "A Multiresolution Time-Frequency Analysis and Interpretation Of Musical
  Rhythm",
  SCHOOL = "Department of Computer Science, The University of Western Australia",
  YEAR = "1999"
}

@ARTICLE{Scheirer:98tempo,
  AUTHOR = "Eric D. Scheirer",
  TITLE = "Tempo and Beat Analysis of Acoustic Musical Signals",
  JOURNAL = "J.Acoust.Soc.Am",
  YEAR = "1998",
  VOLUME = "103",
  NUMBER = "1", 
  PAGES = "588--601"
}

@CONFERENCE{Klapuri:99,
  AUTHOR = "Anssi Klapuri",
  TITLE = "Sound Onset Detection by Applying Psychoacoustic Knowledge",	
  BOOKTITLE = "Proceedings of the 1999 IEEE International Conference on Acoustics, 
               Speech and Signal Processing (ICASSP)",
  YEAR = "1999",	
  SCHOOL = "Signal Processing Laboratory, Tampere University of Technology"
}

@UNPUBLISHED{Seppanen:99,
  AUTHOR = "Jarno Sepp{\"a}nen",
  TITLE = "Finding the Metrical Grid in Musical Signals",	
  YEAR = "1999",	
  SCHOOL = "Signal Processing Laboratory, Tampere University of Technology"
}


@MASTERSTHESIS{Bilmes:93,
  AUTHOR = "Jeffrey Bilmes",
  TITLE = "Timing is of the Essence: Perceptual and Computational Techniques for Representing, Learning, and Reproducing Expressive Timing in Percussive Rhythm",
  SCHOOL = "Massachusetts Institute of Technology.",	
  YEAR = "1993"	
}


@INPROCEEDINGS{Casey:2000,
  AUTHOR = "Michael A. Casey",
  TITLE = "Separation of Mixed Audio Sources By Independent Subspace Analysis",
  BOOKTITLE = "Proceedings of the 2000 International Computer Music",
  YEAR = "2000",
  PAGES = "154--161", 
  ORGANIZATION ="International Computer Music Association" 
}

@BOOK{Oppenheim:99,
  AUTHOR = "Alan V. Oppenheim and Ronald W. Schafer",
  TITLE = "Discrete-Time Signal Processing",
  EDITION = "Second",
  PUBLISHER = "Prentice Hall",
  ADDRESS = "Upper Saddle River, NJ, 07458 USA",
  YEAR = "1999"
}

@BOOK{Strang:93,
  AUTHOR = "Gilbert Strang",
  TITLE = "Introduction to Linear Algebra",
  PUBLISHER = "Wellesley-Cambridge Press",
  ADDRESS = "Box 821060 Wellesley MA 02181",
  YEAR = "1993"
}


@INBOOK{Gabrielsson:89,
  AUTHOR = "Alf Gabrielsson",
  TITLE = "The Complexities of Rhythm",
  BOOKTITLE = "Psychology of Music - The Understanding of Melody and Rhythm",
  EDITORS = "Thomas J. Tighe and W. Jay Dowling",
  PUBLISHER = "Lawrence Erlbaum Associates Inc.",
  ADDRESS = "New Jersey, USA",
  PAGES = "93+",
  YEAR = "1989"
}


@ARTICLE{Honing:93,
  AUTHOR = "H. Honing",
  TITLE = "Issues in the Representation of Time and Structure in Music",
  JOURNAL = "Contemporary Music Review",
  VOLUME = "9", 
  PAGES = "221--239",
  year = "1993"
}


@ARTICLE{Jones:76,
  AUTHOR = "M. Jones",
  TITLE = "Our Lost Dimension: Toward a New Theory of Perception, Attention and Memory",
  JOURNAL = "Psychological Review", 
  VOLUME = "83", 
  PAGES = "323--355",
  YEAR = "1976"
}


@ARTICLE{Pantaleoni:72,
  AUTHOR = "H. Pantaleoni",
  TITLE = "Three Principles of Timing in Anlo Dance Drumming",
  JOURNAL = "African Music Society Journal", 
  PAGES = "50--63",
  YEAR = "1972"
}


@INBOOK{Clarke:85structure,
  AUTHOR = "E. Clarke",
  TITLE = "Structure and Expression in Rhythmic Performance",
  BOOKTITLE = "Musical structure and cognition",
  PAGES = "209--236",
  PUBLISHER = "Academic Press, Inc.",
  ADDRESS = "London",
  YEAR = "1985"
}


@ARTICLE{Magill:97,
  AUTHOR = "J. Magill and J. Pressing",
  TITLE = "Asymmetric Cognitive Clock Structures in West African Rhythms",
  JOURNAL = "Music Perception", 
  VOLUME = "15(2)", 
  PAGES = "189--222",
  YEAR = "1997"
}

@ARTICLE{Clarke:85,
  AUTHOR = "E. Clarke",
  TITLE = "Some Aspects of Rhythm and Expression in Performances of Erik Satie's Gnossienne No. 5",
  JOURNAL = "Music Perception", 
  VOLUME = "2", 
  NUMBER = "3",
  PAGES = "299--329",
  YEAR = "1985"
}

@ARTICLE{Halsband:94,
  AUTHOR = "U. Halsband and F. Binkofski and M. Camp", 
  TITLE = "The Role of the Perception of Rhythmic Grouping in Musical Performance: 
            Evidence from Motor-Skill Development in Piano Playing",
  JOURNAL = "Music Perception", 
  VOLUME = "11", 
  NUMBER = "3",
  PAGES = "265--288",
  YEAR = "1994"
}

@ARTICLE{Clarke:87, 
  AUTHOR ="E. F. Clarke" , 
  TITLE = "Levels of Structure in the Organization of Musical Time", 
  JOURNAL = "Contemporary Music Review", 
  PAGES = "211--238",       
  VOLUME = "2", 
  YEAR = "1987" 
} 


@MISC{hyvarinen:99survey,
  AUTHOR = "A. Hyv{\"a}rinen and E. Oja",
  TITLE = "Independent Component Analysis: A Tutorial",
  SCHOOL = "Helsinki University of Technology",
  URL = "http://www.cis.hut.fi/~aapo/papers/IJCNN99_tutorialweb/",
  YEAR = "1999"
}


@MASTERSTHESIS{Smaragdis:97,
  AUTHOR = "P. Smaragdis",
  TITLE = "Information-theoretic Approaches to Source Separation",
  SCHOOL = "Massachusetts Institute of Technology",
  YEAR = "1997"
}


@INBOOK{Warren:93,
  AUTHOR = "Richard M. Warren",
  TITLE = "Perception of Acoustic Sequences: Global Integration versus Temporal Resolution",
  BOOKTITLE = "Thinking in Sound: The Cognitive Psychology of Human Audition",
  PUBLISHER = "Oxford University Press Inc.", 
  ADDRESS = "New York, NY, USA",
  PAGES = "37--68",
  YEAR = "1993"
}

@INBOOK{Scheirer:98,
  AUTHOR = "E. Scheirer",
  TITLE = "Using Musical Knowledge to Extract Expressive Performance Information from Audio
      Recordings",
  BOOKTITLE = "Readings in Computational Auditory Scene Analysis",
  ADDRESS = "Mahwah, NJ",
  PUBLISHER = "Lawrence Erlbaum Assoc.",
  YEAR = "1998"
}

@MISC{Cook:97,
  AUTHOR = "D. Cook",
  TITLE = "Statistics 501 Lecture Notes", 
  YEAR = "1997",
  URL = "http://www.public.iastate.edu/~dicook/stat501/97/lectures/2.6.html"
}

@BOOK{Lerdahl:83,
  AUTHOR = "F. Lerdahl and R. Jackendoff", 
  TITLE = "A Generative Theory of Tonal Music", 
  PUBLISHER = "The MIT Press",
  ADDRESS = "Massachusetts Institute of Technology, Cambridge, Mass",
  YEAR = "1983"
}


@BOOK{Fraisse:63,
  AUTHOR = "Paul Fraisse",
  TITLE = "The Psychology of Time",
  PUBLISHER = "Harper and Row",
  ADDRESS = "New York, N.Y.",
  YEAR = "1963"
}

@BOOK{Berliner:94,
  AUTHOR = "Paxul F. Berliner",
  TITLE = "Thinking in Jazz: The Infinite Art of Improvisation",
  PUBLISHER = "The University of Chicago Press",
  ADDRESS = "The University of Chicago Press, Chicago 60637",
  YEAR = "1994"
}

@BOOK{Gardenfors:2000,
  AUTHOR = "Peter Gardenfors",
  TITLE = "Conceptual Spaces: The Geometry of Thought",
  PUBLISHER = "The MIT Press",
  ADDRESS = "Massachusetts Institute of Technology, Cambridge, Mass",
  YEAR = "2000"
}

@MISC{Klapuri:98,
  AUTHOR = "Anssi Klapuri",
  SCHOOL = "Signal Processing Laboratory, Tampere University of Technology",	
  TITLE = "Automatic Transcription of Music: Introduction",
  YEAR = "1999",		
  URL = "http://www.cs.tut.fi/~klap/iiro/introduction.html"
 }

@MISC{Hamer:2000,
  AUTHOR = "Mick Hamer",
  ORGANIZATION = "New Scientist Magazine",
  TITLE = "All That Jazz",
  YEAR = "2000",
  URL = "http://www.newscientist.com/features/features_22708.html"
 }

@INBOOK{Knuth:98, 
 AUTHOR ="K. H. Knuth",
 TITLE = "Difficulties Applying Recent Blind Source Separation Techniques to EEG  and MEG",
 BOOKTITLE = "Maximum Entropy and Bayesian Methods",
 PUBLISHER = "Dordrecht",
 PAGES = "209--222",       
 YEAR = "1997" 
}

@INPROCEEDINGS{Goto:98,
  AUTHOR = "M. Goto and Y. Muraoka",
  TITLE = "An Audio-Based Real-Time Beat Tracking System and Its Applications",
  BOOKTITLE = "Proceedings of the International Computer Music Conference",
  YEAR = "1998",
  ORGANIZATION ="Computer Music Association"
}


@ARTICLE{Large:94,
  AUTHOR = "E. Large and J. Kolen",
  TITLE  = "Resonance and the Perception of Musical Meter",
  JOURNAL = "Connection Science",
  YEAR ="1994" , 
  VOLUME = "6", 
  PAGES = "177--208" 
}

@BOOK{Bregman:90,
  AUTHOR = "A. Bregman",
  TITLE = "Auditory Scene Analysis: The Perceptual Organization of Sound",
  PUBLISHER = "MIT Press",
  ADDRESS = "Massachusetts Institute of Technology, Cambridge, Mass",
  YEAR = "1990"
}